<?xml version="1.0" encoding="UTF-8"?><collection xmlns="http://www.loc.gov/MARC21/slim"><record><leader>00372nam--2200133-i-4500</leader><controlfield tag="001">000029491</controlfield><controlfield tag="002">20161230</controlfield><controlfield tag="005">20161230201037</controlfield><controlfield tag="008">060222s1000------------r-----000-0-eng-d</controlfield><datafield ind1=" " ind2=" " tag="080"><subfield code="a">537.312.62</subfield></datafield><datafield ind1=" " ind2=" " tag="100"><subfield code="a">Millstein, Jerry</subfield></datafield><datafield ind1=" " ind2=" " tag="245"><subfield code="a">Tunneling into superconductors in a magnetic fields. thesis</subfield></datafield><datafield ind1=" " ind2=" " tag="260"><subfield code="a">An Arbor, Univ.Of Microfilms, Inc.,1966. Iii+55p</subfield></datafield><datafield ind1=" " ind2=" " tag="852"><subfield code="a">29245</subfield></datafield></record></collection>